<?xml version="1.0" encoding="UTF-8"?><collection xmlns="http://www.loc.gov/MARC21/slim"><record><leader>00357nam--2200121-i-4500</leader><controlfield tag="001">000019807</controlfield><controlfield tag="002">20161230</controlfield><controlfield tag="005">20161230201033</controlfield><controlfield tag="008">060222s1000------------r-----000-0-eng-d</controlfield><datafield ind1=" " ind2=" " tag="080"><subfield code="a">546.841:621.039.547.5</subfield></datafield><datafield ind1=" " ind2=" " tag="245"><subfield code="a">The economics of thorium 3-rd edition, 1978</subfield></datafield><datafield ind1=" " ind2=" " tag="260"><subfield code="a">London, Roskill Information Services Ltd., 1978.  Vi P. + 86 P. + Dif.P</subfield></datafield><datafield ind1=" " ind2=" " tag="852"><subfield code="a">47028</subfield></datafield></record></collection>